@article{AliDac1992EQFP,
	title        = {An example of a quasiconvex function that is not polyconvex in two dimensions},
	author       = {Alibert, Jean -Jacques and Dacorogna, Bernard},
	year         = 1992,
	journal      = {Archive for Rational Mechanics and Analysis},
	volume       = 117,
	number       = 2,
	pages        = {155--166},
	doi          = {10.1007/BF00387763},
	url          = {https://doi.org/10.1007/BF00387763},
}


@book{Elst1996MIT,
  title={Ma{\ss}-und Integrationstheorie},
  author={Elstrodt, J{\"u}rgen},
  volume={7},
  year={1996},
  publisher={Springer}
}

@book{Rind2018CV,
  title={Calculus of variations},
  author={Rindler, Filip},
  volume={5},
  year={2018},
  publisher={Springer}
}


@book{Daco2007DMCV,
  title={Direct methods in the calculus of variations},
  author={Dacorogna, Bernard},
  volume={78},
  year={2007},
  publisher={Springer Science \& Business Media}
}

@book{Evan1990PDE,
  title={Weak convergence methods for nonlinear partial differential equations},
  author={Evans, Lawrence C},
  volume={74},
  year={1990},
  publisher={American Mathematical Soc.}
}